@article{nagalakshmi2015,
author = {Nagalakshmi, Dr and Jyothi, Singaraju},
year = {2015},
month = {05},
pages = {},
title = {Image Acquisition, Noise removal, Edge Detection Methods in Image Processing Using Matlab for Prawn Species Identification},
journal = {G Nagalakshmi, S Jyothi}
}

@INPROCEEDINGS{6949951,
  author={Chaple, Girish and Daruwala, R. D.},
  booktitle={2014 International Conference on Communication and Signal Processing}, 
  title={Design of Sobel operator based image edge detection algorithm on FPGA}, 
  year={2014},
  volume={},
  number={},
  pages={788-792},
  keywords={MATLAB;Image edge detection;Digital signal processing;Edge detection;Sobel operator;FPGA;VHDL;test bench;real-time image processing},
  doi={10.1109/ICCSP.2014.6949951}}

@ARTICLE{6774938,
  author={Xu, Qian and Varadarajan, Srenivas and Chakrabarti, Chaitali and Karam, Lina J.},
  journal={IEEE Transactions on Image Processing}, 
  title={A Distributed Canny Edge Detector: Algorithm and FPGA Implementation}, 
  year={2014},
  volume={23},
  number={7},
  pages={2944-2960},
  keywords={Image edge detection;Detectors;Field programmable gate arrays;Noise;Finite impulse response filters;Computer architecture;Histograms;Distributed image processing;Canny edge detector;high throughput;parallel processing;FPGA},
  doi={10.1109/TIP.2014.2311656}}

@misc{digilentN4,
  author       = {Digilent Reference},
  howpublished = {},
  title        = {Nexys 4},
  year         = {},
  URL = {https://digilent.com/reference/programmable-logic/nexys-4/starT}
}